% Carta de Atenas
@book{corbusier1993carta,
	title = {Carta de Atenas para la restauración de monumentos históricos},
	author = {CICI},
	year = {1931},
}

% Carta de Venecia
@article{venecia1964card,
	title = {Carta de Venecia},
	author = {II Congreso Internacional de Arquitectos y T{\'e}cnicos de
	          Monumentos Hist{\'o}ricos},
	year = {1964},
}

% Política y sociedad Prats
@article{prats1998concepto,
	author = {Lloren{\c{c}} Prats},
	journal = {Pol{\'i}tica y sociedad},
	number = {1},
	pages = {63--76},
	publisher = {Madrid},
	title = {El concepto de patrimonio cultural},
	volume = {27},
	year = {1998},
}

% Arquitectura sin arquitectos
@book{rudofsky1976arquitectura,
	title = {Arquitectura sin arquitectos: breve introducci{\'o}n a la
	         arquitectura sin genealog{\'i}a},
	author = {Rudofsky, Bernard},
	year = {1976},
	publisher = {Editorial Universitaria de Buenos Aires},
}

% Convención sobre la protección del patrimonio mundial, cultural y natural
@misc{UNESCO1972,
	author = {UNESCO},
	publisher = {Organizaci{\'o}n de las Naciones Unidas para la Educaci{\'o}n,
	             la Ciencia y la Cultura},
	title = {Convenci{\'o}n sobre la protecci{\'o}n del patrimonio mundial,
	         cultural y natural},
	year = {1972},
}

% El valor intrinseco del patrimonio cultural: ¿Una noción aún vigente?
@article{villasenor2011valor,
	author = {Isabel Villase{\~n}or Alonso},
	journal = {Intervenci{\'o}n (M{\'e}xico DF)},
	number = {3},
	pages = {6--13},
	publisher = {Instituto Nacional de Antropolog{\'\i}a e Historia, Escuela
	             Nacional de~{\ldots}},
	title = {El valor intr{\'\i}nseco del patrimonio cultural: ¿Una noci{\'o}n a
	         {\'u}n vigente?},
	volume = {2},
	year = {2011},
}

% Estudio e indentificación del patrimonio cultural y natural en el Valle del Mezquital
@article{rodriguezestudio,
	author = {J.L. Rodr{\'\i}guez Ruiz and L.R. P{\'e}rez Herrera and C.E.
	          Aguilar Ojeda},
	journal = {Revista de ingenier{\'\i}a y Tecnolog{\'\i}as para el Desarrollo
	           Sustentable},
	pages = {1--8},
	title = {Estudio e identificaci{\'o}n del patrimonio cultural y natural en
	         el Valle del Mezquital},
	volume = {3},
	year = {2017},
}

% Convención para la salvaguardia del patrimonio cultural inmaterial
@article{icomos1999carta,
	author = {ICOMOS},
	journal = {M{\'e}xico DF},
	publisher = {ICOMOS},
	title = {Carta del patrimonio vern{\'a}culo construido},
	year = {1999},
}

@article{i2008zombi,
	title = {Un zombi de la modernidad: el patrimonio cultural y sus l{\'i}mites
	         },
	author = {I. Mart{\'i} Gil-Manuel Hern{\'a}ndez},
	journal = {La torre del Virrey},
	number = {5, 2008/2},
	pages = {27--37},
	year = {2008},
}

% Pautas de diseño para una arquitectura sostenible
@book{dominguez2004pautas,
	title = {Pautas de dise{\~n}o para una arquitectura sostenible},
	author = {Dom{\'\i}nguez, Luis {\'A}ngel and Soria, Francisco Javier},
	year = {2004},
	publisher = {Edicions UPC},
}

% Vivienda y cultura
@book{rapoport1972vivienda,
	title = {Vivienda y cultura},
	author = {Rapoport, Amos},
	year = {1972},
	publisher = {Gustavo Gili},
}

% Vivienda Campesina en México
@book{carrillo1978vivienda,
	title = {Vivienda campesina en M{\'e}xico},
	author = {Carrillo, Sonia and Mexico. Secretar{\'\i}a de Asentamientos
	          Humanos y Obras P{\'u}blicas and Prieto, Valeria},
	year = {1978},
	publisher = {M{\'e}xico: Secretar{\'\i}a de Asentamientos Humanos y Obras P{
	             \'u}blicas},
}

% La arquitectura sin arquitectos, Algunas reflexiones sober arquitectura vernácula
@article{gonzalez2017arquitectura,
	author = {Gonz{\'a}lez, Jocelyn Tiller{\'\i}a},
	journal = {AUS [Arquitectura/Urbanismo/Sustentabilidad]},
	pages = {12--15},
	title = {la arquitectura sin arquitectos, Algunas reflexiones sobre
	         arquitectura Vern{\'a}cula},
	volume = {8},
	year = {2017},
} 

% Arquitectura vernácula en México
@book{lopez1993arquitectura,
	title = {Arquitectura vern{\'a}cula en M{\'e}xico},
	author = {L{\'o}pez Moralez, Francisco Javier},
	year = {1993},
	publisher = {trillas},
}

% Arquitectura en tierra: Hacia la recuperación de una cultura constructiva
@article{guerrero2007arquitectura,
	author = {Guerrero Baca, Luis Fernando},
	journal = {Apuntes: Revista de estudios sobre patrimonio cultural-Journal of
	           Cultural Heritage Studies},
	number = {2},
	pages = {182--201},
	publisher = {Pontificia Universidad Javeriana},
	title = {Arquitectura en tierra: Hacia la recuperaci{\'o}n de una cultura
	         constructiva},
	volume = {20},
	year = {2007},
}

% Del Maguey al concreto: migración y transición de la vivienda Otomí
@article{alvarez2003maguey,
	author = {{\'A}lvarez, Olga Luc{\'\i}a Rodr{\'\i}guez},
	journal = {Scripta Nova: revista electr{\'o}nica de geograf{\'\i}a y
	           ciencias sociales},
	pages = {63},
	publisher = {Facultad de Geograf{\'\i}a e Historia},
	title = {Del Maguey al concreto: migraci{\'o}n y transici{\'o}n de la
	         vivienda Otom{\'\i}},
	volume = {7},
	year = {2003},
}

% Espacio, tiempo y asentamientos en el valle del Mezquital: un enfoque comparativo con los desarrollos de william T. Sanders

@article{aguilar2009,
	author = {Aguilar, Fernando L{\'o}pez and Fournier, Patricia},
	journal = {Cuicuilco},
	langid = {spanish},
	pages = {115--146},
	publisher = {Escuela Nacional de Antropolog{\'\i}a e Historia},
	title = {Espacio, tiempo y asentamientos en el Valle del Mezquital: un
	         enfoque comparativo con los desarrollos de William T. Sanders},
	volume = {47},
	year = {2009},
}

% La arquitectura de la vivienda Vernácula

@book{zarate2009arquitectura,
	title = {La arquitectura de la vivienda vern{\'a}cula},
	author = {Z{\'a}rate, Gerardo Torres},
	year = {2009},
	publisher = {Plaza y Vald{\'e}s},
}

% Los otomíes del valle del mezquital (modos de vida, Etnografia, folklore)

@book{GuerreroGuerrero1983,
	//editor = {Instituto Nacional de Antropolog{\'\i}a e Historia and Gobierno
	            del Estado de Hidalgo},
	author = {Guerrero Guerrero, Ra{\'u}l},
	isbn = {978-607-484-743-7},
	publisher = {Instituto Nacional de Antropolog{\'\i}a e Historia},
	title = {Los otom{\'\i}es del valle del Mezquital (Modos de vida, Etnograf{
	         \'\i}a, Folklore)},
	year = {1983},
}

Agricultura nhanñhu otomí del valle del Mezquital, Hidalgo

@article{granados2004agricultura,
	author = {Granados S{\'a}nchez, Di{\'o}doro and L{\'o}pez R{\'\i}os,
	          Georgina F. and Hern{\'a}ndez Hern{\'a}ndez, Juan},
	journal = {Terra Latinoamericana},
	number = {1},
	pages = {117--126},
	publisher = {Sociedad Mexicana de la Ciencia del Suelo, AC},
	title = {Agricultura nhan{\~n}hu otom{\'i} del Valle del Mezquital, Hidalgo},
	volume = {22},
	year = {2004},
}

  Los Otomies: cultura, lengua y escritura

@phdthesis{Otomies,
	author = {Wright-Carr, David},
	doi = {10.13140/2.1.5100.1280},
	month = {07},
	school = {El Colegio de Michoac{\'a}n A. C.},
	title = {Los otom{\'i}es: cultura, lengua y escritura (vol. 1)},
	year = {2005},
}

% Agricultura y migración campesina. Un estudio para comprender la incorporación del trabajo infantil en una región indígena de México

@article{monroy2009,
	author = {Monroy Gayt{\'a}n and Francisco Juan P{\'e}rez and Jos{\'e} Isabel
	          },
	title = {Agricultura y migraci{\'o}n campesina. Un estudio para comprender
	         la incorporaci{\'o}n del trabajo infantil en una región ind{\'i}gena
	         de M{\'e}xico},
	year = {2009},
	journal = {Revista Argentina de Sociolog{\'i}a},
}

% Declaracion de los derechos humanos 1948

@article{de1948declaracion,
	title = {Declaraci{\'o}n Universal de los Derechos humanos},
	author = {Organizacion de las Naciones Unidas, ONU},
	shortauthor = {ONU},
	journal = {Asamblea General de las Naciones Unidas},
	volume = {10},
	year = {1948},
}

% Pacto internacional de derexhos económicos, sociales y culturales 2012

@article{humanos2012pacto,
	title = {Pacto Internacional de Derechos Economicos, sociales y culturales},
	author = {Humanos, NU},
	volume = {10},
	year = {2012},
}

% Constitucion politica de los estados unidos mexicanos 1917

@article{constitucion1917politica,
	title = {Constituci{\'o}n Pol{\'i}tica de los Estados Unidos Mexicanos},
	author = {Camara, de Diputados},
	year = {2022},
}

% Ley de vivienda 2019

@article{leyvivienda2019,
	title = {Ley de vivienda},
	author = {Camara, de Diputados},
	year = {2019},
}

% Reblas de operación del programa de vivienda social para el ejercicio fiscal 2021

@article{reglas2021operacion,
	title = {Reblas de operaci{\'o}n del programa de vivienda social para el
	         ejercicio fiscal 2021},
	author = {SEDATU},
	year = {2021},
}

% Grado de rezago social a nivel AGEB Urbana 2020

@article{rezagosocial2020,
	title = {Grado de rezago social a nivel AGEB Urbana 2020},
	author = {CONEVAL},
	year = {2020},
	volume = {07},
}

% Estudio diagnostico del derecho a la vivienda digna y decorosa 2018

@article{consejo2018estudio,
	title = {Estudio diagn{\'o}stico del derecho a la vivienda digna y decorosa
	         2018},
	author = {Consejo Nacional de Evaluaci{\'o}n de la Pol{\'\i}tica de
	          Desarrollo Social},
	year = {2018},
	publisher = {Coneval M{\'e}xico},
}

% Índice de rezago social 2020

@article{indice2020rezago,
	title = {Índice de rezago social 2020},
	author = {CONEVAL},
	year = {2020},
}

% censo de población y vivienda 2020

@article{censo2020poblacion,
	title = {censo de poblaci{\'o}n y vivienda 2020},
	author = {INEGI},
	year = {2020},
}

@article{boils2010envio,
	author = {Boils, Guillermo},
	date-added = {2022-05-23 09:28:05 -0500},
	date-modified = {2022-05-23 09:28:05 -0500},
	journal = {Dimensi{\'o}n Antropol{\'o}gica},
	pages = {143--178},
	title = {El env{\'\i}o de remesas como factor de cambio en la vivienda de la
	         Mixteca Alta oaxaque{\~n}a},
	volume = {49},
	year = {2010},
	bdsk-file-1 = {
	               YnBsaXN0MDDSAQIDBFxyZWxhdGl2ZVBhdGhZYWxpYXNEYXRhXxAjLi4vUmV2aXNhci9Cb2lscyBSZW1lc2FzIG9heGFjYS5wZGZPEQGmAAAAAAGmAAIAAAlWaWN0b3JIR0gAAAAAAAAAAAAAAAAAAAAAAAAAAAAAQkQAAf////8YQm9pbHMgUmVtZXNhcyBvYXhhY2EucGRmAAAAAAAAAAAAAAAAAAAAAAAAAAAAAAAAAAAAAAAAAAAAAAAAAAAA/////wAAAAAAAAAAAAAAAAABAAIAAAogY3UAAAAAAAAAAAAAAAAAB1JldmlzYXIAAAIATy86VXNlcnM6VmljdG9ySEdIOkRvY3VtZW50czpNYWVzdHJpYTpQcm90b2NvbG86UmV2aXNhcjpCb2lscyBSZW1lc2FzIG9heGFjYS5wZGYAAA4AMgAYAEIAbwBpAGwAcwAgAFIAZQBtAGUAcwBhAHMAIABvAGEAeABhAGMAYQAuAHAAZABmAA8AFAAJAFYAaQBjAHQAbwByAEgARwBIABIATVVzZXJzL1ZpY3RvckhHSC9Eb2N1bWVudHMvTWFlc3RyaWEvUHJvdG9jb2xvL1JldmlzYXIvQm9pbHMgUmVtZXNhcyBvYXhhY2EucGRmAAATAAEvAAAVAAIAEP//AAAACAANABoAJABKAAAAAAAAAgEAAAAAAAAABQAAAAAAAAAAAAAAAAAAAfQ=
	               },
}

@article{calderon2008politica,
	author = {Calder{\'o}n, JA},
	date-added = {2022-05-23 09:04:14 -0500},
	date-modified = {2022-05-23 09:04:14 -0500},
	journal = {Econom{\'\i}a Informa},
	pages = {40--51},
	title = {Pol{\'\i}tica econ{\'o}mica, agricultura mexicana y TLCAN},
	volume = {350},
	year = {2008},
	bdsk-file-1 = {
	               YnBsaXN0MDDSAQIDBFxyZWxhdGl2ZVBhdGhZYWxpYXNEYXRhbxAhAC4ALgAvAFIAZQB2AGkAcwBhAHIALwBDAGEAbABkAGUAcgBvAG4AIABFAGMAbwBuAG8AbQBpAwEAYQAuAHAAZABmTxEBngAAAAABngACAAAJVmljdG9ySEdIAAAAAAAAAAAAAAAAAAAAAAAAAAAAAEJEAAH/////FUNhbGRlcm9uIEVjb25vbZJhLnBkZgAAAAAAAAAAAAAAAAAAAAAAAAAAAAAAAAAAAAAAAAAAAAAAAAAAAAAAAP////8AAAAAUERGIAAAAAAAAQACAAAKIGN1AAAAAAAAAAAAAAAAAAdSZXZpc2FyAAACAE4vOlVzZXJzOlZpY3RvckhHSDpEb2N1bWVudHM6TWFlc3RyaWE6UHJvdG9jb2xvOlJldmlzYXI6Q2FsZGVyb24gRWNvbm9tacyBYS5wZGYADgAuABYAQwBhAGwAZABlAHIAbwBuACAARQBjAG8AbgBvAG0AaQMBAGEALgBwAGQAZgAPABQACQBWAGkAYwB0AG8AcgBIAEcASAASAExVc2Vycy9WaWN0b3JIR0gvRG9jdW1lbnRzL01hZXN0cmlhL1Byb3RvY29sby9SZXZpc2FyL0NhbGRlcm9uIEVjb25vbWnMgWEucGRmABMAAS8AABUAAgAQ//8AAAAIAA0AGgAkAGkAAAAAAAACAQAAAAAAAAAFAAAAAAAAAAAAAAAAAAACCw==
	               },
}

@inproceedings{de1964carta,
	author = {De Venecia, Carta},
	booktitle = {II Congreso Internacional de Arquitectos y T{\'e}cnicos de
	             monumentos hist{\'o}ricos},
	date-added = {2022-05-03 13:20:09 -0500},
	date-modified = {2022-05-03 13:20:09 -0500},
	title = {Carta Internacional sobre la Conservaci{\'o}n y la Restauraci{\'o}n
	         de Monumentos y Sitios},
	year = {1964},
	bdsk-file-1 = {
	               YnBsaXN0MDDSAQIDBFxyZWxhdGl2ZVBhdGhZYWxpYXNEYXRhXxAmLi4vUmV2aXNhci9JQ09NT1MvQ2FydGEgZGUgVmVuZWNpYS5wZGZPEQGgAAAAAAGgAAIAAAlWaWN0b3JIR0gAAAAAAAAAAAAAAAAAAAAAAAAAAAAAQkQAAf////8UQ2FydGEgZGUgVmVuZWNpYS5wZGYAAAAAAAAAAAAAAAAAAAAAAAAAAAAAAAAAAAAAAAAAAAAAAAAAAAAAAAAA/////wAAAAAAAAAAAAAAAAABAAMAAAogY3UAAAAAAAAAAAAAAAAABklDT01PUwACAFIvOlVzZXJzOlZpY3RvckhHSDpEb2N1bWVudHM6TWFlc3RyaWE6UHJvdG9jb2xvOlJldmlzYXI6SUNPTU9TOkNhcnRhIGRlIFZlbmVjaWEucGRmAA4AKgAUAEMAYQByAHQAYQAgAGQAZQAgAFYAZQBuAGUAYwBpAGEALgBwAGQAZgAPABQACQBWAGkAYwB0AG8AcgBIAEcASAASAFBVc2Vycy9WaWN0b3JIR0gvRG9jdW1lbnRzL01hZXN0cmlhL1Byb3RvY29sby9SZXZpc2FyL0lDT01PUy9DYXJ0YSBkZSBWZW5lY2lhLnBkZgATAAEvAAAVAAIAEP//AAAACAANABoAJABNAAAAAAAAAgEAAAAAAAAABQAAAAAAAAAAAAAAAAAAAfE=
	               },
}

@article{torrez1999revista,
	author = {Torrez Z{\'a}rate, Gerardo and S{\'a}nchez Arag{\'o}n, Alejandro
	          and Hern{\'a}ndez Ay{\'o}n, Francisco J and Barreda Cardiel,
	          Gerardo and Gonz{\'a}lez Claver{\'a}n, Jorge and Ramos, Max and
	          Vergara, Erick N and {\'A}lvarez L{\'o}pez, Mary Carmen and Mercado
	          , Antonio and Bustamante Dur{\'a}n, {\'O}scar G and others},
	date-added = {2022-05-03 13:15:43 -0500},
	date-modified = {2022-05-03 13:15:43 -0500},
	title = {Revista esencia y espacio},
	year = {1999},
}

@article{juarez2018transformacion,
	author = {Ju{\'a}rez S{\'a}nchez, Jos{\'e} Pedro and Ram{\'\i}rez Valverde,
	          Benito and L{\'o}pez Fuentes, Mayra and Ortega L{\'o}pez, Gabriela},
	date-added = {2022-05-03 13:00:33 -0500},
	date-modified = {2022-05-03 13:00:33 -0500},
	journal = {Revista de El Colegio de San Luis},
	number = {16},
	pages = {203--228},
	publisher = {El Colegio de San Luis AC},
	title = {Transformaci{\'o}n de la vivienda rural mexicana ante la migraci{\'
	         o}n. El caso de una localidad en Puebla, M{\'e}xico},
	volume = {8},
	year = {2018},
	bdsk-file-1 = {
	               YnBsaXN0MDDSAQIDBFxyZWxhdGl2ZVBhdGhZYWxpYXNEYXRhbxA9AC4ALgAvAFIAZQB2AGkAcwBhAHIALwBUAHIAYQBuAHMAZgBvAHIAbQBhAGMAaQBvAwEAbgAgAGQAZQAgAGwAYQAgAHYAaQB2AGkAZQBuAGQAYQAgAHIAdQByAGEAbAAgAGUAbgAgAG0AZQB4AGkAYwBvAC4AcABkAGZPEQIOAAAAAAIOAAIAAAlWaWN0b3JIR0gAAAAAAAAAAAAAAAAAAAAAAAAAAAAAQkQAAf////8fVHJhbnNmb3JtYWNpl24gZGUgI0ZGRkZGRkZGLnBkZgAAAAAAAAAAAAAAAAAAAAAAAAAAAAAAAAAAAAAAAAAA/////wAAAABQREYgAAAAAAABAAIAAAogY3UAAAAAAAAAAAAAAAAAB1JldmlzYXIAAAIAai86VXNlcnM6VmljdG9ySEdIOkRvY3VtZW50czpNYWVzdHJpYTpQcm90b2NvbG86UmV2aXNhcjpUcmFuc2Zvcm1hY2lvzIFuIGRlIGxhIHZpdmllbmRhIHJ1cmFsIGVuIG1leGljby5wZGYADgBmADIAVAByAGEAbgBzAGYAbwByAG0AYQBjAGkAbwMBAG4AIABkAGUAIABsAGEAIAB2AGkAdgBpAGUAbgBkAGEAIAByAHUAcgBhAGwAIABlAG4AIABtAGUAeABpAGMAbwAuAHAAZABmAA8AFAAJAFYAaQBjAHQAbwByAEgARwBIABIAaFVzZXJzL1ZpY3RvckhHSC9Eb2N1bWVudHMvTWFlc3RyaWEvUHJvdG9jb2xvL1JldmlzYXIvVHJhbnNmb3JtYWNpb8yBbiBkZSBsYSB2aXZpZW5kYSBydXJhbCBlbiBtZXhpY28ucGRmABMAAS8AABUAAgAQ//8AAAAIAA0AGgAkAKEAAAAAAAACAQAAAAAAAAAFAAAAAAAAAAAAAAAAAAACsw==
	               },
}

@article{boils2010dadho,
	author = {Boils, Guillermo},
	journal = {Investigaci{\'o}n y dise{\~n}o 06. Anuario del posgrado de la
	           Divisi{\'o}n de Ciencias y Artes para el Dise{\~n}o},
	pages = {27--37},
	publisher = {Universidad Aut{\'o}noma Metropolitana Distrito Federal, M{\'e}
	             xico},
	title = {El Dadh{\'o}: Vivienda y migraci{\'o}n en una comunidad {\~N}a{\~n}
	         {\'u}},
	year = {2010},
}

@article{guerrero2012conservacion,
	author = {Guerrero, Luis and Correia, Mariana and Guillaud, Hubert},
	journal = {Apuntes: Revista de Estudios sobre Patrimonio Cultural-Journal of
	           Cultural Heritage Studies},
	number = {2},
	pages = {210--225},
	publisher = {Pontificia Universidad Javeriana},
	title = {Conservaci{\'o}n del patrimonio arqueol{\'o}gico construido con
	         tierra en Iberoam{\'e}rica},
	volume = {25},
	year = {2012},
}

@article{beltrantradicion,
	author = {Beltran Beltran, Lina Constanza and others},
	number = {2},
	pages = {179--181},
	publisher = {Instituto Carlos Arbel{\'a}ez Camacho para el patrimonio
	             arquitect{\'o}nico y urbano},
	title = {La tradici{\'o}n cultural de los sistemas constructivos en tierra
	         en Iberoam{\'e}rica},
	volume = {20},
	year = {2017},
}

@incollection{gandara2000,
	author = {G\'andara, Manuel},
	booktitle = {Memoria, 60 a{\~n}os del ENAH},
	date = {2000-01-01},
	pages = {453--477},
	publisher = {ENAH},
	title = {La interpretaci\'on tem\'atica y la conservaci\'on del patrimonio
	         cultural},
	year = {2000},
}

@misc{WEB_requisitos_patrimonio_mundial,
	abstract = {Ya os he hablado anteriormente sobre lo que son los Patrimonios
	            de la Humanidad, sitios todos ellos que por su valor cultural,
	            natural o hist{\'o}rico, merecen la protecci{\'o}n y el
	            reconocimiento del Programa de la Unesco. Sin embargo, para
	            llegar a ser declarados como tales deben pasar por un exigente
	            control y cumplir unos requisitos [{\ldots}]},
	langid = {spanish},
	title = {Patrimonios de la Humanidad},
	titleaddon = {¿Qu{\'e} requisitos se deben cumplir para ser declarado
	              Patrimonios?},
	urldate = {2021-06-31},
	year = {2013},
}

@article{narvaez_metodologipara,
	author = {Narv{\'a}ez, Mar{\'\i}a Ver{\'o}nica Segarra},
	langid = {spanish},
	publisher = {Universidad de Cuenca},
	title = {Metodolog{\'\i}a para la Documentaci{\'o}n del Patrimonio Cultural
	         Edificado de la ciudad de Cuenca},
	year = {2016},
}

@article{baez2012pueblos,
	author = {B{\'a}ez, L and Garret, G and P{\'e}rez, D and Moreno, B and
	          Fierro, UJ and Hern{\'a}ndez, MG},
	journal = {Instituto Nacional de Antropolog{\'\i}a e Historia-Gobierno del
	           Estado de Hidalgo-Consejo Estatal para la Cultura y las Artes de
	           Hidalgo, DF, M{\'e}xico},
	publisher = {Pachuca: INAH, CECULTAH},
	title = {Los pueblos ind{\'\i}genas de Hidalgo: Atlas etnogr{\'a}fico},
	year = {2012},
}

@misc{jeronimas,
	author = {Cooperaci{\'o}n Comunitaria},
	pages = {10},
	title = {Visi{\'o}n del territorio, soberan{\'\i}a alimentaria y soberan{\'
	         \i}a constructiva an{\'e}cdotas de algunas comunidades Tzeltales},
	year = {2021},
}

@book{mao1974cinco,
	author = {Mao, Tse Tung},
	publisher = {Ediciones en Lenguas Extranjeras},
	title = {Cinco tesis filos{\'o}ficas de Mao Tsetung},
	year = {1974},
}

