@article{boils2010envio,
	author = {Boils, Guillermo},
	date-added = {2022-05-23 09:28:05 -0500},
	date-modified = {2022-05-23 09:28:05 -0500},
	journal = {Dimensi{\'o}n Antropol{\'o}gica},
	pages = {143--178},
	title = {El env{\'\i}o de remesas como factor de cambio en la vivienda de la
	         Mixteca Alta oaxaque{\~n}a},
	volume = {49},
	year = {2010},
	bdsk-file-1 = {
	               YnBsaXN0MDDSAQIDBFxyZWxhdGl2ZVBhdGhZYWxpYXNEYXRhXxAjLi4vUmV2aXNhci9Cb2lscyBSZW1lc2FzIG9heGFjYS5wZGZPEQGmAAAAAAGmAAIAAAlWaWN0b3JIR0gAAAAAAAAAAAAAAAAAAAAAAAAAAAAAQkQAAf////8YQm9pbHMgUmVtZXNhcyBvYXhhY2EucGRmAAAAAAAAAAAAAAAAAAAAAAAAAAAAAAAAAAAAAAAAAAAAAAAAAAAA/////wAAAAAAAAAAAAAAAAABAAIAAAogY3UAAAAAAAAAAAAAAAAAB1JldmlzYXIAAAIATy86VXNlcnM6VmljdG9ySEdIOkRvY3VtZW50czpNYWVzdHJpYTpQcm90b2NvbG86UmV2aXNhcjpCb2lscyBSZW1lc2FzIG9heGFjYS5wZGYAAA4AMgAYAEIAbwBpAGwAcwAgAFIAZQBtAGUAcwBhAHMAIABvAGEAeABhAGMAYQAuAHAAZABmAA8AFAAJAFYAaQBjAHQAbwByAEgARwBIABIATVVzZXJzL1ZpY3RvckhHSC9Eb2N1bWVudHMvTWFlc3RyaWEvUHJvdG9jb2xvL1JldmlzYXIvQm9pbHMgUmVtZXNhcyBvYXhhY2EucGRmAAATAAEvAAAVAAIAEP//AAAACAANABoAJABKAAAAAAAAAgEAAAAAAAAABQAAAAAAAAAAAAAAAAAAAfQ=
	               },
}

@article{calderon2008politica,
	author = {Calder{\'o}n, JA},
	date-added = {2022-05-23 09:04:14 -0500},
	date-modified = {2022-05-23 09:04:14 -0500},
	journal = {Econom{\'\i}a Informa},
	pages = {40--51},
	title = {Pol{\'\i}tica econ{\'o}mica, agricultura mexicana y TLCAN},
	volume = {350},
	year = {2008},
	bdsk-file-1 = {
	               YnBsaXN0MDDSAQIDBFxyZWxhdGl2ZVBhdGhZYWxpYXNEYXRhbxAhAC4ALgAvAFIAZQB2AGkAcwBhAHIALwBDAGEAbABkAGUAcgBvAG4AIABFAGMAbwBuAG8AbQBpAwEAYQAuAHAAZABmTxEBngAAAAABngACAAAJVmljdG9ySEdIAAAAAAAAAAAAAAAAAAAAAAAAAAAAAEJEAAH/////FUNhbGRlcm9uIEVjb25vbZJhLnBkZgAAAAAAAAAAAAAAAAAAAAAAAAAAAAAAAAAAAAAAAAAAAAAAAAAAAAAAAP////8AAAAAUERGIAAAAAAAAQACAAAKIGN1AAAAAAAAAAAAAAAAAAdSZXZpc2FyAAACAE4vOlVzZXJzOlZpY3RvckhHSDpEb2N1bWVudHM6TWFlc3RyaWE6UHJvdG9jb2xvOlJldmlzYXI6Q2FsZGVyb24gRWNvbm9tacyBYS5wZGYADgAuABYAQwBhAGwAZABlAHIAbwBuACAARQBjAG8AbgBvAG0AaQMBAGEALgBwAGQAZgAPABQACQBWAGkAYwB0AG8AcgBIAEcASAASAExVc2Vycy9WaWN0b3JIR0gvRG9jdW1lbnRzL01hZXN0cmlhL1Byb3RvY29sby9SZXZpc2FyL0NhbGRlcm9uIEVjb25vbWnMgWEucGRmABMAAS8AABUAAgAQ//8AAAAIAA0AGgAkAGkAAAAAAAACAQAAAAAAAAAFAAAAAAAAAAAAAAAAAAACCw==
	               },
}

@inproceedings{de1964carta,
	author = {De Venecia, Carta},
	booktitle = {II Congreso Internacional de Arquitectos y T{\'e}cnicos de
	             monumentos hist{\'o}ricos},
	date-added = {2022-05-03 13:20:09 -0500},
	date-modified = {2022-05-03 13:20:09 -0500},
	title = {Carta Internacional sobre la Conservaci{\'o}n y la Restauraci{\'o}n
	         de Monumentos y Sitios},
	year = {1964},
	bdsk-file-1 = {
	               YnBsaXN0MDDSAQIDBFxyZWxhdGl2ZVBhdGhZYWxpYXNEYXRhXxAmLi4vUmV2aXNhci9JQ09NT1MvQ2FydGEgZGUgVmVuZWNpYS5wZGZPEQGgAAAAAAGgAAIAAAlWaWN0b3JIR0gAAAAAAAAAAAAAAAAAAAAAAAAAAAAAQkQAAf////8UQ2FydGEgZGUgVmVuZWNpYS5wZGYAAAAAAAAAAAAAAAAAAAAAAAAAAAAAAAAAAAAAAAAAAAAAAAAAAAAAAAAA/////wAAAAAAAAAAAAAAAAABAAMAAAogY3UAAAAAAAAAAAAAAAAABklDT01PUwACAFIvOlVzZXJzOlZpY3RvckhHSDpEb2N1bWVudHM6TWFlc3RyaWE6UHJvdG9jb2xvOlJldmlzYXI6SUNPTU9TOkNhcnRhIGRlIFZlbmVjaWEucGRmAA4AKgAUAEMAYQByAHQAYQAgAGQAZQAgAFYAZQBuAGUAYwBpAGEALgBwAGQAZgAPABQACQBWAGkAYwB0AG8AcgBIAEcASAASAFBVc2Vycy9WaWN0b3JIR0gvRG9jdW1lbnRzL01hZXN0cmlhL1Byb3RvY29sby9SZXZpc2FyL0lDT01PUy9DYXJ0YSBkZSBWZW5lY2lhLnBkZgATAAEvAAAVAAIAEP//AAAACAANABoAJABNAAAAAAAAAgEAAAAAAAAABQAAAAAAAAAAAAAAAAAAAfE=
	               },
}

@article{torrez1999revista,
	author = {Torrez Z{\'a}rate, Gerardo and S{\'a}nchez Arag{\'o}n, Alejandro
	          and Hern{\'a}ndez Ay{\'o}n, Francisco J and Barreda Cardiel,
	          Gerardo and Gonz{\'a}lez Claver{\'a}n, Jorge and Ramos, Max and
	          Vergara, Erick N and {\'A}lvarez L{\'o}pez, Mary Carmen and Mercado
	          , Antonio and Bustamante Dur{\'a}n, {\'O}scar G and others},
	date-added = {2022-05-03 13:15:43 -0500},
	date-modified = {2022-05-03 13:15:43 -0500},
	title = {Revista esencia y espacio},
	year = {1999},
	bdsk-file-1 = {
	               YnBsaXN0MDDSAQIDBFxyZWxhdGl2ZVBhdGhZYWxpYXNEYXRhbxAmAC4ALgAvAFIAZQB2AGkAcwBhAHIALwBBAHIAcQB1AGkAdABlAGMAdAB1AHIAYQAgAFYAZQByAG4AYQMBAGMAdQBsAGEALgBwAGQAZk8RAbQAAAAAAbQAAgAACVZpY3RvckhHSAAAAAAAAAAAAAAAAAAAAAAAAAAAAABCRAAB/////xpBcnF1aXRlY3R1cmEgVmVybodjdWxhLnBkZgAAAAAAAAAAAAAAAAAAAAAAAAAAAAAAAAAAAAAAAAAAAAAAAAD/////AAAAAAAAAAAAAAAAAAEAAgAACiBjdQAAAAAAAAAAAAAAAAAHUmV2aXNhcgAAAgBTLzpVc2VyczpWaWN0b3JIR0g6RG9jdW1lbnRzOk1hZXN0cmlhOlByb3RvY29sbzpSZXZpc2FyOkFycXVpdGVjdHVyYSBWZXJuYcyBY3VsYS5wZGYAAA4AOAAbAEEAcgBxAHUAaQB0AGUAYwB0AHUAcgBhACAAVgBlAHIAbgBhAwEAYwB1AGwAYQAuAHAAZABmAA8AFAAJAFYAaQBjAHQAbwByAEgARwBIABIAUVVzZXJzL1ZpY3RvckhHSC9Eb2N1bWVudHMvTWFlc3RyaWEvUHJvdG9jb2xvL1JldmlzYXIvQXJxdWl0ZWN0dXJhIFZlcm5hzIFjdWxhLnBkZgAAEwABLwAAFQACABD//wAAAAgADQAaACQAcwAAAAAAAAIBAAAAAAAAAAUAAAAAAAAAAAAAAAAAAAIr
	               },
}

@article{juarez2018transformacion,
	author = {Ju{\'a}rez S{\'a}nchez, Jos{\'e} Pedro and Ram{\'\i}rez Valverde,
	          Benito and L{\'o}pez Fuentes, Mayra and Ortega L{\'o}pez, Gabriela},
	date-added = {2022-05-03 13:00:33 -0500},
	date-modified = {2022-05-03 13:00:33 -0500},
	journal = {Revista de El Colegio de San Luis},
	number = {16},
	pages = {203--228},
	publisher = {El Colegio de San Luis AC},
	title = {Transformaci{\'o}n de la vivienda rural mexicana ante la migraci{\'
	         o}n. El caso de una localidad en Puebla, M{\'e}xico},
	volume = {8},
	year = {2018},
	bdsk-file-1 = {
	               YnBsaXN0MDDSAQIDBFxyZWxhdGl2ZVBhdGhZYWxpYXNEYXRhbxA9AC4ALgAvAFIAZQB2AGkAcwBhAHIALwBUAHIAYQBuAHMAZgBvAHIAbQBhAGMAaQBvAwEAbgAgAGQAZQAgAGwAYQAgAHYAaQB2AGkAZQBuAGQAYQAgAHIAdQByAGEAbAAgAGUAbgAgAG0AZQB4AGkAYwBvAC4AcABkAGZPEQIOAAAAAAIOAAIAAAlWaWN0b3JIR0gAAAAAAAAAAAAAAAAAAAAAAAAAAAAAQkQAAf////8fVHJhbnNmb3JtYWNpl24gZGUgI0ZGRkZGRkZGLnBkZgAAAAAAAAAAAAAAAAAAAAAAAAAAAAAAAAAAAAAAAAAA/////wAAAABQREYgAAAAAAABAAIAAAogY3UAAAAAAAAAAAAAAAAAB1JldmlzYXIAAAIAai86VXNlcnM6VmljdG9ySEdIOkRvY3VtZW50czpNYWVzdHJpYTpQcm90b2NvbG86UmV2aXNhcjpUcmFuc2Zvcm1hY2lvzIFuIGRlIGxhIHZpdmllbmRhIHJ1cmFsIGVuIG1leGljby5wZGYADgBmADIAVAByAGEAbgBzAGYAbwByAG0AYQBjAGkAbwMBAG4AIABkAGUAIABsAGEAIAB2AGkAdgBpAGUAbgBkAGEAIAByAHUAcgBhAGwAIABlAG4AIABtAGUAeABpAGMAbwAuAHAAZABmAA8AFAAJAFYAaQBjAHQAbwByAEgARwBIABIAaFVzZXJzL1ZpY3RvckhHSC9Eb2N1bWVudHMvTWFlc3RyaWEvUHJvdG9jb2xvL1JldmlzYXIvVHJhbnNmb3JtYWNpb8yBbiBkZSBsYSB2aXZpZW5kYSBydXJhbCBlbiBtZXhpY28ucGRmABMAAS8AABUAAgAQ//8AAAAIAA0AGgAkAKEAAAAAAAACAQAAAAAAAAAFAAAAAAAAAAAAAAAAAAACsw==
	               },
}

@article{boils2010dadho,
	author = {Boils, Guillermo},
	journal = {Investigaci{\'o}n y dise{\~n}o 06. Anuario del posgrado de la
	           Divisi{\'o}n de Ciencias y Artes para el Dise{\~n}o},
	pages = {27--37},
	publisher = {Universidad Aut{\'o}noma Metropolitana Distrito Federal, M{\'e}
	             xico},
	title = {El Dadh{\'o}: Vivienda y migraci{\'o}n en una comunidad {\~N}a{\~n}
	         {\'u}},
	year = {2010},
}

@article{guerrero2012conservacion,
	author = {Guerrero, Luis and Correia, Mariana and Guillaud, Hubert},
	journal = {Apuntes: Revista de Estudios sobre Patrimonio Cultural-Journal of
	           Cultural Heritage Studies},
	number = {2},
	pages = {210--225},
	publisher = {Pontificia Universidad Javeriana},
	title = {Conservaci{\'o}n del patrimonio arqueol{\'o}gico construido con
	         tierra en Iberoam{\'e}rica},
	volume = {25},
	year = {2012},
}

@article{beltrantradicion,
	author = {Beltran Beltran, Lina Constanza and others},
	number = {2},
	pages = {179--181},
	publisher = {Instituto Carlos Arbel{\'a}ez Camacho para el patrimonio
	             arquitect{\'o}nico y urbano},
	title = {La tradici{\'o}n cultural de los sistemas constructivos en tierra
	         en Iberoam{\'e}rica},
	volume = {20},
	year = {2017},
}

@incollection{gandara2000,
	author = {G\'andara, Manuel},
	booktitle = {Memoria, 60 a{\~n}os del ENAH},
	date = {2000-01-01},
	pages = {453--477},
	publisher = {ENAH},
	title = {La interpretaci\'on tem\'atica y la conservaci\'on del patrimonio
	         cultural},
	year = {2000},
}

@misc{WEB_requisitos_patrimonio_mundial,
	abstract = {Ya os he hablado anteriormente sobre lo que son los Patrimonios
	            de la Humanidad, sitios todos ellos que por su valor cultural,
	            natural o hist{\'o}rico, merecen la protecci{\'o}n y el
	            reconocimiento del Programa de la Unesco. Sin embargo, para
	            llegar a ser declarados como tales deben pasar por un exigente
	            control y cumplir unos requisitos [{\ldots}]},
	langid = {spanish},
	title = {Patrimonios de la Humanidad},
	titleaddon = {Â¿Qu{\'e} requisitos se deben cumplir para ser declarado
	              Patrimonios?},
	urldate = {2021-06-31},
	year = {2013},
}

@article{narvaez_metodologipara,
	author = {Narv{\'a}ez, Mar{\'\i}a Ver{\'o}nica Segarra},
	langid = {spanish},
	publisher = {Universidad de Cuenca},
	title = {Metodolog{\'\i}a para la Documentaci{\'o}n del Patrimonio Cultural
	         Edificado de la ciudad de Cuenca},
	year = {2016},
}

@article{baez2012pueblos,
	author = {B{\'a}ez, L and Garret, G and P{\'e}rez, D and Moreno, B and
	          Fierro, UJ and Hern{\'a}ndez, MG},
	journal = {Instituto Nacional de Antropolog{\'\i}a e Historia-Gobierno del
	           Estado de Hidalgo-Consejo Estatal para la Cultura y las Artes de
	           Hidalgo, DF, M{\'e}xico},
	publisher = {Pachuca: INAH, CECULTAH},
	title = {Los pueblos ind{\'\i}genas de Hidalgo: Atlas etnogr{\'a}fico},
	year = {2012},
}

@misc{jeronimas,
	author = {Cooperaci{\'o}n Comunitaria},
	pages = {10},
	title = {Visi{\'o}n del territorio, soberan{\'\i}a alimentaria y soberan{\'
	         \i}a constructiva an{\'e}cdotas de algunas comunidades Tzeltales},
	year = {2021},
}

@book{mao1974cinco,
	author = {Mao, Tse Tung},
	publisher = {Ediciones en Lenguas Extranjeras},
	title = {Cinco tesis filos{\'o}ficas de Mao Tsetung},
	year = {1974},
}
