@book{riegl1903,
	author = {Riegl, A},
	title = {El culto moderno a los monumentos. Caracteres y origen},
	year = {1903},
	publisher = {(trad. 1987). Alianza Forma},
	address = {Madrid},
}

@book{corbusier1931carta,
	title = {Carta de Atenas para la restauración de monumentos históricos},
	author = {CICI},
	year = {1931},
}

@book{rudofsky1964,
	author = {Rudofsky, B},
	title = {Architecture Without Architects: A Short Introduction to
	         Non-Pedigreed Architecture},
	year = {1964},
	publisher = { MoMA / Doubleday},
}

@book{venecia1964card,
	author = {ICOMOS},
	title = {Carta de Venecia: Carta Internacional sobre la Conservación y la
	         Restauración de Monumentos y Sitios},
	year = {1964},
	publisher = { II CIATHM},
}

@book{rapoport1969,
	author = {Rapoport, A},
	title = {Vivienda y cultura},
	year = {1969},
	publisher = {(trad. 1972). Gustavo Gili},
	address = {Barcelona},
}

@book{carta1972restauro,
	author = {Ministero della Pubblica Istruzione},
	title = {Carta del Restauro},
	year = {1972},
	publisher = { Roma},
}

@book{UNESCO1972,
	author = {UNESCO},
	title = {Convención sobre la Protección del Patrimonio Mundial, Cultural y
	         Natural},
	year = {1972},
	publisher = { París},
}

@book{jencks1981,
	author = {Jencks, C},
	title = {El lenguaje de la arquitectura posmoderna},
	year = {1981},
	publisher = { 2.ª ed. Gustavo Gili},
	address = {Barcelona},
}

@book{mondiacult1982,
	author = {UNESCO},
	title = {Declaración de México sobre los Principios que deben Regir las
	         Políticas Culturales (MONDIACULT 82)},
	year = {1982},
	publisher = { Ciudad de México},
}

@book{hobsbawm1983inventar,
	author = {Hobsbawm, E. and Ranger, T. (eds.)},
	title = {La invención de la tradición},
	year = {1983},
	publisher = { Crítica},
	address = {Barcelona (trad. 2002)},
}

@misc{burra1988,
	author = {ICOMOS Australia},
	title = {Carta de Burra: Carta para la Conservación de Lugares de Valor
	         Cultural},
	year = {1988},
	note = {Adoptada 1979; revisiones 1981 y 1988},
}

@book{thompson1990ideologia,
	author = {John B. Thompson},
	title = {Ideología y cultura moderna. Teoría crítica social en la era de la
	         comunicación de masas},
	year = {2002},
	publisher = {Universidad Autónoma Metropolitana-Xochimilco},
	address = {México},
	note = {Ed. original en inglés: *Ideology and Modern Culture*, Polity Press,
	        1990},
}

@article{lastra1992otomi,
	author = {Lastra, Y},
	title = {Estudios antiguos y modernos sobre el otomí},
	year = {1992},
	journal = {Reflexiones lingüísticas y literarias},
}

@article{herrejon1994,
	author = {Herrejón Peredo, C},
	title = {Tradición. Esbozo de algunos conceptos},
	year = {1994},
	journal = {Relaciones},
}

@article{ramirez1998,
	author = {Ramírez Torres, J. L},
	title = {Cultura, símbolos y significados en la etnicidad otomí},
	year = {1998},
	journal = {Estudios Sociales y Culturales},
}

@article{prats1998concepto,
	author = {Prats, L},
	title = {El concepto de patrimonio cultural},
	year = {1998},
	journal = {Política y Sociedad},
	volume = {27},
	number = {1},
	pages = {63-76},
}

@article{torres1999patrimonio,
	author = {Torres Zárate, G},
	title = {Patrimonio vernáculo},
	year = {1999},
	journal = {Esencia y Espacio},
}

@book{icomos1999vernacular,
	author = {ICOMOS},
	title = {Carta del Patrimonio Vernáculo Construido},
	year = {1999},
	publisher = { 12.ª Asamblea General},
	address = {Ciudad de México},
}

@book{icomos1999turismo,
	author = {ICOMOS},
	title = {Carta Internacional sobre Turismo Cultural. La gestión del turismo
	         en los sitios con patrimonio significativo},
	year = {1999},
	publisher = { 12.ª Asamblea General},
	address = {Ciudad de México},
}

@article{huerta1999deterioro,
	author = {Huerta Carrillo, A. and Berthier V., E},
	title = {El deterioro y la conservación del patrimonio cultural},
	year = {1999},
	journal = {Antropología. Boletín Oficial del INAH},
	volume = {56},
	pages = {41-52},
}

@article{torres1999vernacula,
	author = {Torres Zárate, G},
	title = {Arquitectura vernácula},
	year = {1999},
	journal = {Esencia y Espacio},
}

@book{cracovia2000,
	author = {Conferencia Internacional Cracovia},
	title = {Carta de Cracovia 2000: Principios para la Conservación y
	         Restauración del Patrimonio Construido},
	year = {2000},
	publisher = {},
}

@article{gandara2000,
	author = {Gándara, M},
	title = {La interpretación temática y la conservación del patrimonio
	         cultural},
	year = {2000},
	journal = {Memoria, 60 años del ENAH},
}

@book{delatorre2002values,
	author = {de la Torre, M. (ed.)},
	title = {Assessing the Values of Cultural Heritage},
	year = {2002},
	publisher = { Getty Conservation Institute},
	address = {Los Ángeles},
}

@book{icomos2003estructuras,
	author = {ICOMOS},
	title = {Principios para el Análisis, Conservación y Restauración de las
	         Estructuras del Patrimonio Arquitectónico},
	year = {2003},
	publisher = { 14.ª Asamblea General},
	address = {Victoria Falls},
}

@article{alvarez2003maguey,
	author = {Rodríguez, O. L},
	title = {Del maguey al concreto: migración y transición de la vivienda otomí
	         },
	year = {2003},
	journal = {Scripta Nova},
}

@article{granados2004agricultura,
	author = {Granados-Sánchez, D. and López-Ríos, G. F. and Hernández-Hernández
	          , J},
	title = {Agricultura nhanñhu-otomí del Valle del Mezquital, Hidalgo},
	year = {2004},
	journal = {Terra Latinoamericana},
	volume = {22},
	number = {1},
	pages = {117-126},
}

@article{madrazo2005tradicion,
	author = {Madrazo Miranda, M},
	title = {Algunas consideraciones en torno al significado de la tradición},
	year = {2005},
	journal = {Contribuciones desde Coatepec},
	volume = {9},
	pages = {115-132},
}

@book{UNESCO2005diversidad,
	author = {UNESCO},
	title = {Convención sobre la Protección y la Promoción de la Diversidad de
	         las Expresiones Culturales},
	year = {2005},
	publisher = { París},
}

@book{carta2006ibero,
	author = {Cumbre Iberoamericana},
	title = {Carta Cultural Iberoamericana},
	year = {2006},
	publisher = { Montevideo},
}

@book{martin2006tomo1,
	author = {Martin Galindo},
	title = {La arquitectura vernácula patrimonio de la humanidad. Tomo I},
	year = {2006},
	address = {Tomo II. Diputación de Badajoz / ARTE},
}

@book{martingalindo2006vernaII,
	author = {Martín Galindo, J. L. (coord.)},
	title = {La arquitectura vernácula, patrimonio de la humanidad},
	year = {2006},
	address = {Tomo II. Diputación de Badajoz / ARTE},
}

@book{moreno2006otomi,
	author = {Moreno Alcántara, B. and Garret Ríos, M. G. and Fierro Alonso, U.
	          J},
	title = {Otomíes del Valle del Mezquital},
	year = {2006},
	publisher = { CDI},
	address = {México},
}

@article{herrejon2006patrimonio,
	author = {Herrejón Peredo, C},
	title = {Patrimonio cultural},
	year = {2006},
	journal = {Primer Congreso Estatal de Cultura: Legislación y Políticas
	           Culturales},
}

@article{guerrero2007arquitectura,
	author = {Guerrero Baca, L. F},
	title = {Arquitectura en tierra. Hacia la recuperación de una cultura
	         constructiva},
	year = {2007},
	journal = {Apuntes},
	volume = {20},
	number = {2},
	pages = {182-201},
}

@article{calderon2008politica,
	author = {Calderón Salazar, J. A},
	title = {Política económica, agricultura mexicana y TLCAN},
	year = {2008},
	journal = {Economía Informa},
	volume = {350},
	pages = {40-51},
}

@article{lopez2009mezquital,
	author = {López Aguilar, F. and Fournier, P},
	title = {Espacio, tiempo y asentamientos en el Valle del Mezquital: un
	         enfoque comparativo con los desarrollos de William T. Sanders},
	year = {2009},
	journal = {Cuicuilco},
	volume = {47},
	pages = {113-140},
}

@article{gudynas2010desarrollo,
	author = {Gudynas, E},
	title = {Desarrollo sostenible: una guía básica de conceptos y tendencias
	         hacia otra economía},
	year = {2010},
	journal = {Otra Economía},
	volume = {4},
	number = {6},
	pages = {43-60},
}

@article{boils2010dadho,
	author = {Boils Morales, G},
	title = {El Dadhó: vivienda y migración en una comunidad ñañú},
	year = {2010},
	journal = {Investigación y Diseño 06. Anuario Posgrado CyAD-UAM-X},
}

@article{boils2010remesas,
	author = {Boils Morales, G},
	title = {El envío de remesas como factor de cambio en la vivienda de la
	         Mixteca Alta oaxaqueña},
	year = {2010},
	journal = {Dimensión Antropológica},
	volume = {17},
	number = {49},
	pages = {143-175},
}

@article{walsh2010interculturalidad,
	author = {Walsh, C},
	title = {Interculturalidad crítica y educación intercultural},
	year = {2010},
	journal = {Otra Economía},
}

@book{chang2010patrimonio,
	author = {Chang Vargas, G. et al},
	title = {Patrimonio cultural: diversidad en nuestra creación y herencia},
	year = {2010},
	publisher = { 2.ª ed. Centro de Investigación y Conservación del Patrimonio
	             Cultural},
	address = {San José},
}

@article{villaseñor2011valor,
	author = {Villaseñor Alonso, I},
	title = {El valor intrínseco del patrimonio cultural: ¿una noción aún
	         vigente?},
	year = {2011},
	journal = {Intervención},
	volume = {2},
	number = {3},
	pages = {6-13},
}

@article{villasenor2012patrimonio,
	author = {Villaseñor Alonso, I. and Zolla Márquez, E},
	title = {Del patrimonio cultural inmaterial o la patrimonialización de la
	         cultura},
	year = {2012},
	journal = {Cultura y Representaciones Sociales},
	volume = {6},
	number = {12},
	pages = {75-101},
}

@book{torres2013sustentabilidad,
	author = {Torres Zárate, G},
	title = {Arquitectura vernácula, fundamento en la enseñanza de
	         sustentabilidad},
	year = {2013},
	publisher = { Ponencia CLEFA-BA},
}

@book{sanchez2013legislacion,
	author = {Sánchez Gaona, L},
	title = {Legislación mexicana de patrimonio cultural},
	year = {2013},
	publisher = { Cuadernos Electrónicos 8},
	address = {UNED},
}

@book{cuellar2013domestico,
	author = {Cuéllar Sánchez, M. C. (ed.)},
	title = {Lo doméstico y lo cotidiano. Gestión y conservación del patrimonio
	         vernáculo},
	year = {2013},
	publisher = { Red AVI},
	address = {Sevilla},
}

@article{larraga2014sust,
	author = {Lárraga Lara, R. and Aguilar Robledo, M. and Reyes Hernández, H.
	          and Fortanelli Martínez, J},
	title = {La sostenibilidad de la vivienda tradicional: una revisión del
	         estado de la cuestión en el mundo},
	year = {2014},
	journal = {Revista de Arquitectura},
	volume = {16},
	pages = {126-133},
}

@book{cortes2014juventud,
	author = {Cortés Rivera, D},
	title = {Participacion de los jovenes hañähñú en las comunidades de origen
	         en el contexto de migracion},
	year = {2014},
	publisher = {Tesis Doctoral},
	address = {UAM-Xochimilco},
}

@book{ziccardi2015habitabilidad,
	author = {Ziccardi Contigiani, A},
	title = {Cómo viven los mexicanos. Análisis regional de las condiciones de
	         habitabilidad de la vivienda},
	year = {2015},
	publisher = { UNAM-IIJ},
}

@article{chaos2015vernacula,
	author = {Chaos Yeras, M. T},
	title = {La arquitectura vernácula como importante manifestación de la
	         cultura},
	year = {2015},
	journal = {Arquitecturas del Sur},
	volume = {33},
	number = {47},
	pages = {62-73},
}

@article{vergara2015otomi,
	author = {Vergara Hernández, A},
	title = {Los ñha-ñhú u otomí del Estado de Hidalgo, una visión a vuelo de
	         pájaro},
	year = {2015},
	journal = {Magotzi. Boletín Científico del Instituto de Artes-UAEH},
}

@book{sanchez2016adobeBTC,
	author = {Sánchez Rodríguez, R},
	title = {Conservación del saber tradicional en un entorno industrializado:
	         coexistencia entre el adobe y el bloque de tierra comprimida},
	year = {2016},
	publisher = { ICR},
	address = {Maestría CyAD, UAM-X},
}

@article{malavassi2017patrimonio,
	author = {Malavassi Aguilar, R. E},
	title = {El patrimonio como construccion social Una propuesta para el
	         estudio del patrimonio arquitectonico y urbano},
	year = {2017},
	journal = {Diálogos},
	volume = {18},
	number = {1},
	pages = {253-266},
}

@article{rodriguez2017patrimonio,
	author = {Rodríguez-Ruiz, J. L. and Pérez-Herrera, L. R. and Aguilar-Ojeda,
	          C. E},
	title = {Estudio e identificación del patrimonio cultural y natural en el
	         Valle del Mezquital},
	year = {2017},
	journal = {Rev. Ing. y Tecnologías para el Desarrollo Sustentable},
	volume = {3},
	pages = {1-8},
}

@article{juarez2018transformacion,
	author = {Juárez-Sánchez, J. P. and Ramírez-Valverde, B. and López-Fuentes,
	          M. and Ortega-López, G},
	title = {Transformación de la vivienda rural mexicana ante la migración…},
	year = {2018},
	journal = {Revista de El Colegio de San Luis},
	volume = {8},
	number = {16},
	pages = {203-224},
}

@article{malo2019habitar,
	author = {Malo, G},
	title = {Entre la forma de habitar y las formas para habitar. Vivienda
	         campesina y arquitectura vernácula: nociones morfológicas},
	year = {2019},
	journal = {Cuaderno 86 – CEDyC},
}

@article{rodarte2019hñähñu,
	author = {Rodarte García, R. and Galindo Escamilla, E},
	title = {Revalorando las culturas indígenas de México: los hñähñu y su
	         expansión territorial en el centro de México},
	year = {2019},
	journal = {Memorias del II Coloquio Internacional de Estudios Territoriales},
}

@book{garciaHermida2020journal,
	author = {García Hermida, A. (ed.)},
	title = {Journal of Traditional Building, Architecture and Urbanism},
	year = {2020},
	address = {nº 1. INTBAU España / UPM},
}

@book{martinez2021chucum,
	author = {Martínez Barreiro, M},
	title = {Saberes constructivos tradicionales como patrimonio biocultural.
	         Uso del chucum en Yucatán},
	year = {2021},
	publisher = { ICR Maestría CyAD},
	address = {UAM-X},
}

@article{torres2021transmision,
	author = {Torres Garibay, L. A. and Azevedo Salomão, E. M},
	title = {Transmisión de la tecnología constructiva de la arquitectura
	         tradicional en México: patrimonio en peligro},
	year = {2021},
	journal = {PatryTer},
	volume = {4},
	number = {7},
	pages = {78-89},
}

@book{lopez2022saber,
	author = {López Aguilar, F. and López Hernández, H. (coords.)},
	title = {Saber y tradición. Conocimientos y prácticas en el Valle del
	         Mezquital},
	year = {2022},
	publisher = { INAH},
	address = {México},
}

@misc{ley2023patrimonio,
	author = {Cámara de Diputados del H. Congreso de la Unión},
	title = {Ley Federal de Protección del Patrimonio Cultural de los Pueblos y
	         Comunidades Indígenas y Afromexicanas},
	year = {2023},
	howpublished = {Diario Oficial de la Federación, México},
	note = {Entrada en vigor el 17 de enero de 2023; última reforma 2024},
}

